@online{Eletroencefalografia,
    author = "Wikipédia, a enciclopédia livre",
    title = "Eletroencefalografia",
    url  = "https://pt.wikipedia.org/wiki/Eletroencefalografia",
    addendum = "(accessed: 19.11.2023)",
    keywords = "EEG"
}
@online{EEG&ET_reading,
    author = "Livia Nascimento Rabelo",
    title = "Eye tracking e EEG podem ajudar a compreender a leitura!",
    url  = "https://www.brainlatam.com/blog/eye-tracking-e-eeg-podem-ajudar-a-compreender-a-leitura-2586",
    addendum = "(accessed: 19.11.2023)",
    keywords = "reading"
}
@online{BrainSupport,
    author = "Marcela de Angelis",
    title = "Jogos sérios, EEG e Neurociências: novas possibilidades",
    url  = "https://www.brainlatam.com/blog/jogos-serios-eeg-e-neurociencias-novas-possibilidades-1596",
    addendum = "(accessed: 19.11.2023)",
    keywords = "EEG"
}

@online{EyeTracking,
    author = "Wikipedia, the free encyclopedia",
    title = "Eye tracking",
    url  = "https://en.wikipedia.org/wiki/Eye_tracking",
    addendum = "(accessed: 20.11.2023)",
    keywords = "ET"
}

@online{EEG&ET_VideoGames,
    author = "Department of Neurosurgery Osaka University Medical School Osaka 565-0871 Japan",
    title = "Real-Time Control of a Video Game Using Eye Movements and Two Temporal EEG Sensors",
    url  = "https://www.hindawi.com/journals/cin/2015/653639/",
    addendum = "(accessed: 20.11.2023)",
    keywords = "Videogames"
}


@online{WralNews,
    author = "Valerie Aguirre",
    title = "Paralyzed man plays video games using brain",
    url  = "https://www.wral.com/video/paralyzed-man-plays-video-games-using-brain/18543148/",
    addendum = "(accessed: 21.11.2023)",
    keywords = "Wralnews"
}
@online{DDA,
    author = "Department of Software and Information System Engineering, Ben-Gurion University, Israel",
    title = "EEG-triggered dynamic difficulty adjustment for multiplayer games",
    url  = "https://www.sciencedirect.com/science/article/abs/pii/S1875952117301325",
    addendum = "(accessed: 23.11.2023)",
    keywords = "DDA"
}
@online{ET_Pesquisas,
    author = "ADMIN",
    title = "Benefícios Eye tracking em pesquisas",
    url  = "https://www.edgeeye.com.br/quais-os-beneficios-em-utilizar-eye-tracking-em-pesquisas/",
    addendum = "(accessed: 23.11.2023)",
    keywords = "ETResearch"
}

@online{EldenRing,
    author = "Richik anarkiddie Bhattacharya",
    title = "Benefícios Eye tracking em pesquisas",
    url  = "https://www.sportskeeda.com/esports/twitch-streamer-perrikaryal-uses-eeg-mind-control-character-elden-ring-finally-beaten-game",
    addendum = "(accessed: 23.11.2023)",
    keywords = "Elden"
}